<?xml version="1.0" encoding="UTF-8" ?><xb:digital_entity_call xmlns:xb="http://com/exlibris/digitool/repository/api/xmlbeans"><xb:digital_entity><pid>62984</pid><control><label>Kvacova,Lenka,Ing-DP.pdf</label><note>FF UK</note><ingest_id>ing1743</ingest_id><ingest_name>inport_psy_5a12.5.09pdf</ingest_name><entity_type xsi:nil="true" xmlns:xsi="http://www.w3.org/2001/XMLSchema-instance"/><entity_group xsi:nil="true" xmlns:xsi="http://www.w3.org/2001/XMLSchema-instance"/><usage_type>VIEW</usage_type><preservation_level>any</preservation_level><partition_a xsi:nil="true" xmlns:xsi="http://www.w3.org/2001/XMLSchema-instance"/><partition_b xsi:nil="true" xmlns:xsi="http://www.w3.org/2001/XMLSchema-instance"/><partition_c>ckis_ok</partition_c><status xsi:nil="true" xmlns:xsi="http://www.w3.org/2001/XMLSchema-instance"/><creation_date>2009-05-14 14:36:58</creation_date><creator>creator:DUVT</creator><modification_date>2018-01-30 15:52:27</modification_date><modified_by>super:DUVT</modified_by><admin_unit>DUR01</admin_unit></control><mds><md shared="false"><mid>2086209</mid><description xsi:nil="true" xmlns:xsi="http://www.w3.org/2001/XMLSchema-instance"/><name>technical</name><type>text_md</type><value><![CDATA[<?xml version="1.0" encoding="UTF-8"?>
<textmd:textMD xmlns:textmd="http://www.loc.gov/METS/" xmlns:jhove="http://hul.harvard.edu/ois/xml/ns/jhove" xmlns:xsi="http://www.w3.org/2001/XMLSchema-instance" xmlns="http://www.loc.gov/METS/" xsi:schemaLocation="http://www.loc.gov/METS http://dlib.nyu.edu/METS/textmd.xsd">
<textmd:encoding QUALITY="1">
<textmd:encoding_software/>
<textmd:encoding_platform linebreak=""/>
<textmd:encoding_software/>
<textmd:encoding_agent role=""/>
</textmd:encoding>
<textmd:character_info>
<textmd:charset/>
<textmd:byte_order/>
<textmd:character_size encoding=""/>
<textmd:linebreak/>
</textmd:character_info>
<textmd:language/>
<textmd:alt_language authority=""/>
<textmd:font_script/>
<textmd:markup_basis version=""/>
<textmd:markup_language version=""/>
<textmd:processingNote/>
<textmd:printRequirements/>
<textmd:textNote/>
<textmd:viewingRequirements/>
<textmd:file>
<textmd:fileSize>3731705</textmd:fileSize>
<textmd:checksum>
<textmd:checksumMethod>CRC32</textmd:checksumMethod>
<textmd:checksumValue>02fd5028</textmd:checksumValue>
</textmd:checksum>
<textmd:checksum>
<textmd:checksumMethod>MD5</textmd:checksumMethod>
<textmd:checksumValue>571fad85620ad249a4f06e0c38f4eab8</textmd:checksumValue>
</textmd:checksum>
<textmd:checksum>
<textmd:checksumMethod>SHA-1</textmd:checksumMethod>
<textmd:checksumValue>ae2b049c9b3779a5c1780924f8aaf62887a6c560</textmd:checksumValue>
</textmd:checksum>
<textmd:mimeType>application/pdf</textmd:mimeType>
<textmd:extension/>
</textmd:file>
</textmd:textMD>
]]></value></md><md shared="false"><mid>113661</mid><description> </description><name>descriptive</name><type>marc</type><value><![CDATA[<record xmlns="http://www.loc.gov/MARC21/slim" xmlns:xsi="http://www.w3.org/2001/XMLSchema-instance" xsi:schemaLocation="http://www.loc.gov/MARC21/slim http://www.loc.gov/standards/marcxml/schema/MARC21slim.xsd"><leader>01258ctm^a22003737a^4500</leader><controlfield tag="001">ff710256</controlfield><controlfield tag="003">CZ^PrCU</controlfield><controlfield tag="005">20090604124656.0</controlfield><controlfield tag="008">030513s2002^^^^xr^|||||r|||||||||||cze|d</controlfield><datafield tag="040" ind1=" " ind2=" "><subfield code="a">ABD001</subfield><subfield code="b">cze</subfield><subfield code="c">ABD001</subfield><subfield code="d">ABD001</subfield></datafield><datafield tag="100" ind1="1" ind2=" "><subfield code="a">Kváčová, Lenka</subfield><subfield code="4">dis</subfield></datafield><datafield tag="245" ind1="1" ind2="0"><subfield code="a">Návrh systému kariérového rozvoje zaměstnanců pro Call centrum v Českém mobilu, a. s.</subfield><subfield code="h">[rukopis] /</subfield><subfield code="c">Lenka Kváčová ; vedoucí diplomové práce Pavel Uhlář</subfield></datafield><datafield tag="260" ind1=" " ind2=" "><subfield code="a">Praha,</subfield><subfield code="c">2002</subfield></datafield><datafield tag="300" ind1=" " ind2=" "><subfield code="a">102 s., příl.</subfield></datafield><datafield tag="500" ind1=" " ind2=" "><subfield code="a">Lit.</subfield></datafield><datafield tag="500" ind1=" " ind2=" "><subfield code="a">Seznam obr. a grafů</subfield></datafield><datafield tag="500" ind1=" " ind2=" "><subfield code="a">Seznam příloh</subfield></datafield><datafield tag="502" ind1=" " ind2=" "><subfield code="a">Diplomová práce (Mgr.)—Univerzita Karlova. Filozofická fakulta. Katedra psychologie, 2002</subfield></datafield><datafield tag="650" ind1="0" ind2="7"><subfield code="a">rozvoj kariéry</subfield><subfield code="2">phffuk</subfield></datafield><datafield tag="650" ind1="0" ind2="7"><subfield code="a">Management</subfield><subfield code="2">phffuk</subfield></datafield><datafield tag="650" ind1="0" ind2="7"><subfield code="a">Organizace (instituce)</subfield><subfield code="2">phffuk</subfield></datafield><datafield tag="650" ind1="0" ind2="7"><subfield code="a">personální management</subfield><subfield code="2">phffuk</subfield></datafield><datafield tag="650" ind1="0" ind2="7"><subfield code="a">pracovní výkon</subfield><subfield code="2">phffuk</subfield></datafield><datafield tag="650" ind1="0" ind2="7"><subfield code="a">psychologické aspekty</subfield><subfield code="2">phffuk</subfield></datafield><datafield tag="650" ind1="0" ind2="7"><subfield code="a">Řízení vztahů se zákazníky</subfield><subfield code="2">phffuk</subfield></datafield><datafield tag="650" ind1="0" ind2="7"><subfield code="a">mobilní telefony</subfield><subfield code="2">phffuk</subfield></datafield><datafield tag="650" ind1="0" ind2="7"><subfield code="a">Telekomunikace</subfield><subfield code="2">phffuk</subfield></datafield><datafield tag="655" ind1=" " ind2="4"><subfield code="a">diplomové práce</subfield></datafield><datafield tag="700" ind1="1" ind2=" "><subfield code="a">Uhlář, Pavel</subfield><subfield code="4">ths</subfield></datafield><datafield tag="710" ind1="2" ind2=" "><subfield code="a">Univerzita Karlova.</subfield><subfield code="b">Katedra psychologie</subfield><subfield code="4">dgg</subfield></datafield><datafield tag="910" ind1=" " ind2=" "><subfield code="a">ABD001</subfield></datafield><datafield tag="981" ind1=" " ind2=" "><subfield code="a">dp</subfield></datafield><datafield tag="980" ind1=" " ind2=" "><subfield code="a">application.pdf</subfield></datafield><controlfield tag="998">000710256</controlfield><datafield tag="SID" ind1=" " ind2=" "><subfield code="a">Z39</subfield><subfield code="b">CKS01</subfield></datafield><controlfield tag="FMT">BK</controlfield></record>]]></value></md><md shared="false"><mid>110245</mid><description xsi:nil="true" xmlns:xsi="http://www.w3.org/2001/XMLSchema-instance"/><name>changehistory</name><type>changehistory_md</type><value><![CDATA[<xb:history xmlns:xb="http://com/exlibris/digitool/repository/api/xmlbeans"><events><event xmlID="1"><eventIdentifier><eventIdentifierType>INGEST ID</eventIdentifierType><eventIdentifierValue>ing1743</eventIdentifierValue></eventIdentifier><eventType>Technical Metadata Extraction</eventType><eventDateTime>2009-05-14T14:33:45.691+02:00</eventDateTime><eventDetail>Add some metadata to the digital entity using jhove</eventDetail><linkingAgentIdentifier><linkingAgentIdentifierType>software_used</linkingAgentIdentifierType><linkingAgentIdentifierValue>JHove</linkingAgentIdentifierValue></linkingAgentIdentifier></event><event xmlID="2"><eventIdentifier><eventIdentifierType>INGEST ID</eventIdentifierType><eventIdentifierValue>ing1743</eventIdentifierValue></eventIdentifier><eventType>Full Text Extraction</eventType><eventDateTime>2009-05-14T14:36:11.724+02:00</eventDateTime><eventDetail>Making a html index file from pdf file</eventDetail><linkingAgentIdentifier><linkingAgentIdentifierType>software_used</linkingAgentIdentifierType><linkingAgentIdentifierValue>pdftotext</linkingAgentIdentifierValue></linkingAgentIdentifier></event><event xmlID="3"><eventIdentifier><eventIdentifierType>INGEST ID</eventIdentifierType><eventIdentifierValue>ing1743</eventIdentifierValue></eventIdentifier><eventType>Thumbnail Creation</eventType><eventDateTime>2009-05-14T14:36:40.380+02:00</eventDateTime><eventDetail>Making a thumbnail from a pdf file</eventDetail><linkingAgentIdentifier><linkingAgentIdentifierType>software_used</linkingAgentIdentifierType><linkingAgentIdentifierValue>convert</linkingAgentIdentifierValue></linkingAgentIdentifier></event></events></xb:history>]]></value></md><md shared="true"><mid>309063</mid><description> </description><name>accessrights</name><type>rights_md</type><value><![CDATA[<?xml version="1.0" encoding="UTF-8"?><ar:access_right_md xmlns:ar="http://com/exlibris/digitool/repository/api/xmlbeans" enabled="true">	<ar_copyrights required="true">		<text_file>licence</text_file>	</ar_copyrights>	<ar_conditions>		<ar_condition negate="false">			<ar_expressions>				<ar_expression negate="false" ar_operation="within">					<key>ip_range</key>					<val1>195.113.89.0</val1>					<val2>195.113.93.255</val2>				</ar_expression>			</ar_expressions>		</ar_condition>		<ar_condition negate="false">			<ar_expressions>				<ar_expression negate="false" ar_operation="within">					<key>ip_range</key>					<val1>195.113.0.0</val1>					<val2>195.113.66.255</val2>				</ar_expression>			</ar_expressions>		</ar_condition>		<ar_condition negate="false">			<ar_expressions>				<ar_expression negate="false" ar_operation="within">					<key>ip_range</key>					<val1>78.128.160.0</val1>					<val2>78.128.207.255</val2>				</ar_expression>			</ar_expressions>		</ar_condition>		<ar_condition negate="false">			<ar_expressions>				<ar_expression negate="false" ar_operation="within">					<key>ip_range</key>					<val1>195.113.0.0</val1>					<val2>195.113.69.255</val2>				</ar_expression>			</ar_expressions>		</ar_condition>		<ar_condition negate="false">			<ar_expressions>				<ar_expression negate="false" ar_operation="within">					<key>ip_range</key>					<val1>195.113.114.0</val1>					<val2>195.113.117.255</val2>				</ar_expression>			</ar_expressions>		</ar_condition>		<ar_condition negate="false">			<ar_expressions>				<ar_expression negate="false" ar_operation="within">					<key>ip_range</key>					<val1>195.113.130.0</val1>					<val2>195.113.131.255</val2>				</ar_expression>			</ar_expressions>		</ar_condition>		<ar_condition negate="false">			<ar_expressions>				<ar_expression negate="false" ar_operation="within">					<key>ip_range</key>					<val1>195.113.149.132</val1>					<val2>195.113.149.135</val2>				</ar_expression>			</ar_expressions>		</ar_condition>		<ar_condition negate="false">			<ar_expressions>				<ar_expression negate="false" ar_operation="within">					<key>ip_range</key>					<val1>195.113.149.176</val1>					<val2>195.113.149.183</val2>				</ar_expression>			</ar_expressions>		</ar_condition>		<ar_condition negate="false">			<ar_expressions>				<ar_expression negate="false" ar_operation="within">					<key>ip_range</key>					<val1>195.113.187.240</val1>					<val2>195.113.187.251</val2>				</ar_expression>			</ar_expressions>		</ar_condition>		<ar_condition negate="false">			<ar_expressions>				<ar_expression negate="false" ar_operation="within">					<key>ip_range</key>					<val1>195.113.189.0</val1>					<val2>195.113.189.255</val2>				</ar_expression>			</ar_expressions>		</ar_condition>		<ar_condition negate="false">			<ar_expressions>				<ar_expression negate="false" ar_operation="within">					<key>ip_range</key>					<val1>195.113.223.0</val1>					<val2>195.113.223.255</val2>				</ar_expression>			</ar_expressions>		</ar_condition>		<ar_condition negate="false">			<ar_expressions>				<ar_expression negate="false" ar_operation="within">					<key>ip_range</key>					<val1>195.113.229.0</val1>					<val2>195.113.229.255</val2>				</ar_expression>			</ar_expressions>		</ar_condition>		<ar_condition negate="false">			<ar_expressions>				<ar_expression negate="false" ar_operation="within">					<key>ip_range</key>					<val1>195.113.236.0</val1>					<val2>195.113.236.255</val2>				</ar_expression>			</ar_expressions>		</ar_condition>		<ar_condition negate="false">			<ar_expressions>				<ar_expression negate="false" ar_operation="within">					<key>bor_tuples_m</key>					<val1>student</val1>				</ar_expression>			</ar_expressions>		</ar_condition>		<ar_condition negate="false"><ar_expressions><ar_expression negate="false" ar_operation="within"><key>ip_range</key><val1>78.128.2014.96</val1><val2>78.128.214.111</val2></ar_expression></ar_expressions></ar_condition><ar_condition negate="false"><ar_expressions><ar_expression negate="false" ar_operation="within"><key>ip_range</key><val1>193.84.53.0</val1><val2>193.84.53.255</val2></ar_expression></ar_expressions></ar_condition><ar_condition negate="false"><ar_expressions><ar_expression negate="false" ar_operation="within"><key>ip_range</key><val1>78.128.208.0</val1><val2>78.128.209.127</val2></ar_expression></ar_expressions></ar_condition><ar_condition negate="false"><ar_expressions><ar_expression negate="false" ar_operation="within"><key>ip_range</key><val1>78.128.214.66</val1><val2>78.128.214.67</val2></ar_expression></ar_expressions></ar_condition><ar_condition negate="false"><ar_expressions><ar_expression negate="false" ar_operation="within"><key>ip_range</key><val1>195.113.245.0</val1><val2>195.113.245.255</val2></ar_expression></ar_expressions></ar_condition><ar_condition negate="false"><ar_expressions><ar_expression negate="false" ar_operation="within"><key>ip_range</key><val1>195.113.180.160</val1><val2>195.113.180.167</val2></ar_expression></ar_expressions></ar_condition><ar_condition negate="false"><ar_expressions><ar_expression negate="false" ar_operation="within"><key>ip_range</key><val1>193.84.55.0</val1><val2>193.84.63.255</val2></ar_expression></ar_expressions></ar_condition></ar_conditions></ar:access_right_md>]]></value></md><md shared="false"><mid>257041</mid><description xsi:nil="true" xmlns:xsi="http://www.w3.org/2001/XMLSchema-instance"/><name>preservation</name><type>preservation_md</type><value><![CDATA[<object xmlns="http://www.loc.gov/standards/premis">
  <objectIdentifier>
    <objectIdentifierType>handle</objectIdentifierType>
    <objectIdentifierValue>123.45/8665</objectIdentifierValue>
  </objectIdentifier>
</object>]]></value></md></mds><relations><relation><type>include</type><pid>73618</pid></relation><relation><type>include</type><pid>526698</pid></relation><relation><type>manifestation</type><pid>62983</pid></relation><relation><type>manifestation</type><pid>63076</pid></relation><relation><type>manifestation</type><pid>63077</pid></relation></relations><stream_ref><file_name>62984_Kvacova,Lenka,Ing-DP.pdf</file_name><file_extension>pdf</file_extension><mime_type>application/pdf</mime_type><directory_path>/exlibris/dtl/j3_1/digitool/home/system/bin/../../profile/storage/2009/05/14/file_1/62984</directory_path><file_id xsi:nil="true" xmlns:xsi="http://www.w3.org/2001/XMLSchema-instance"/><storage_id>1000</storage_id><external_type>-1</external_type><file_size_bytes>3731705</file_size_bytes></stream_ref></xb:digital_entity></xb:digital_entity_call>